
%%%%%%%%%%%%%%%%%%%%%%%%%%%%          %%%%%%%%%%%%%%%%%%%%%%%%%%%%%%%%%
%%%%%%%%%%%%%%%%%%%%%%%%%%%%     A    %%%%%%%%%%%%%%%%%%%%%%%%%%%%%%%%%
%%%%%%%%%%%%%%%%%%%%%%%%%%%%          %%%%%%%%%%%%%%%%%%%%%%%%%%%%%%%%%
@article{allan2008atmospheric,
  title={Atmospheric warming and the amplification of precipitation extremes},
  author={Allan, Richard P and Soden, Brian J},
  journal={Science},
  volume={321},
  number={5895},
  pages={1481--1484},
  year={2008},
  publisher={American Association for the Advancement of Science}
}
@article{asquith2000precipitation,
  title={Precipitation areal-reduction factor estimation using an annual-maxima centered approach},
  author={Asquith, WH and Famiglietti, JS},
  journal={Journal of Hydrology},
  volume={230},
  number={1},
  pages={55--69},
  year={2000},
  publisher={Elsevier}
}

%%%%%%%%%%%%%%%%%%%%%%%%%%%%          %%%%%%%%%%%%%%%%%%%%%%%%%%%%%%%%%
%%%%%%%%%%%%%%%%%%%%%%%%%%%%     B    %%%%%%%%%%%%%%%%%%%%%%%%%%%%%%%%%
%%%%%%%%%%%%%%%%%%%%%%%%%%%%          %%%%%%%%%%%%%%%%%%%%%%%%%%%%%%%%%

@article{balkema1974residual,
  title={Residual life time at great age},
  author={Balkema, August A and De Haan, Laurens},
  journal={The Annals of probability},
  pages={792--804},
  year={1974},
  publisher={JSTOR}
}
@article{beck2003superstatistics,
  title={Superstatistics},
  author={Beck, Christian and Cohen, Ezechiel GD},
  journal={Physica A: Statistical mechanics and its applications},
  volume={322},
  pages={267--275},
  year={2003},
  publisher={Elsevier}
}
@article{beck2004superstatistics,
  title={Superstatistics in hydrodynamic turbulence},
  author={Beck, Christian},
  journal={Physica D: Nonlinear Phenomena},
  volume={193},
  number={1-4},
  pages={195--207},
  year={2004},
  publisher={Elsevier}
}

@article{beck2005time,
  title={From time series to superstatistics},
  author={Beck, Christian and Cohen, Ezechiel GD and Swinney, Harry L},
  journal={Physical Review E},
  volume={72},
  number={5},
  pages={056133},
  year={2005},
  publisher={APS}
}
@article{bortot1998models,
  title={Models for the extremes of Markov chains},
  author={Bortot, Paola and Tawn, Jonathan A},
  journal={Biometrika},
  volume={85},
  number={4},
  pages={851--867},
  year={1998},
  publisher={Oxford University Press}
}
@article{bortot2014latent,
  title={A latent process model for temporal extremes},
  author={Bortot, Paola and Gaetan, Carlo},
  journal={Scandinavian Journal of Statistics},
  volume={41},
  number={3},
  pages={606--621},
  year={2014},
  publisher={Wiley Online Library}
}

@article{bortot2016latent,
  title={Latent process modelling of threshold exceedances in hourly rainfall series},
  author={Bortot, Paola and Gaetan, Carlo},
  journal={Journal of agricultural, biological, and environmental statistics},
  volume={21},
  number={3},
  pages={531--547},
  year={2016},
  publisher={Springer}
}
@article{bracken2018bayesian,
  title={A Bayesian hierarchical approach to multivariate nonstationary hydrologic frequency analysis},
  author={Bracken, C and Holman, KD and Rajagopalan, B and Moradkhani, Hamid},
  journal={Water Resources Research},
  volume={54},
  number={1},
  pages={243--255},
  year={2018},
  publisher={Wiley Online Library}
}



%%%%%%%%%%%%%%%%%%%%%%%%%%%%          %%%%%%%%%%%%%%%%%%%%%%%%%%%%%%%%%
%%%%%%%%%%%%%%%%%%%%%%%%%%%%     C    %%%%%%%%%%%%%%%%%%%%%%%%%%%%%%%%%
%%%%%%%%%%%%%%%%%%%%%%%%%%%%          %%%%%%%%%%%%%%%%%%%%%%%%%%%%%%%%%
@article{carpenter2017stan,
  title={Stan: A probabilistic programming language},
  author={Carpenter, Bob and Gelman, Andrew and Hoffman, Matthew D and Lee, Daniel and Goodrich, Ben and Betancourt, Michael and Brubaker, Marcus and Guo, Jiqiang and Li, Peter and Riddell, Allen},
  journal={Journal of statistical software},
  volume={76},
  number={1},
  year={2017},
  publisher={Columbia Univ., New York, NY (United States); Harvard Univ., Cambridge, MA~ï¿½}
}

@article{carta2009review,
	title={A review of wind speed probability distributions used in wind energy analysis: Case studies in the Canary Islands},
	author={Carta, Jose A and Ramirez, Penelope and Velazquez, Sergio},
	journal={Renewable and sustainable energy reviews},
	volume={13},
	number={5},
	pages={933--955},
	year={2009},
	publisher={Elsevier}
}

@article{coles2003fully,
  title={A fully probabilistic approach to extreme rainfall modeling},
  author={Coles, Stuart and Pericchi, Luis Ra{\'u}l and Sisson, Scott},
  journal={Journal of Hydrology},
  volume={273},
  number={1-4},
  pages={35--50},
  year={2003},
  publisher={Elsevier}
}
@article{coles1996bayesian,
  title={A Bayesian analysis of extreme rainfall data},
  author={Coles, Stuart G and Tawn, Jonathan A},
  journal={Journal of the Royal Statistical Society: Series C (Applied Statistics)},
  volume={45},
  number={4},
  pages={463--478},
  year={1996},
  publisher={Wiley Online Library}
}
@article{coles1996bayesian2,
  title={Bayesian methods in extreme value modelling: a review and new developments},
  author={Coles, Stuart G and Powell, Elwyn A},
  journal={International Statistical Review/Revue Internationale de Statistique},
  pages={119--136},
  year={1996},
  publisher={JSTOR}
}

@book{coles2001introduction,
  title={An introduction to statistical modeling of extreme values},
  author={Coles, Stuart},
  volume={208},
  year={2001},
  publisher={Springer}
}
@article{cook2004exact,
  title={Exact and general FT1 penultimate distributions of extreme wind speeds drawn from tail-equivalent Weibull parents},
  author={Cook, Nicholas J and Harris, R Ian},
  journal={Structural Safety},
  volume={26},
  number={4},
  pages={391--420},
  year={2004},
  publisher={Elsevier}
}
@article{harris2014parent,
  title={The parent wind speed distribution: Why Weibull?},
  author={Harris, R Ian and Cook, Nicholas J},
  journal={Journal of wind engineering and industrial aerodynamics},
  volume={131},
  pages={72--87},
  year={2014},
  publisher={Elsevier}
}
@article{cooley2007bayesian,
  title={Bayesian spatial modeling of extreme precipitation return levels},
  author={Cooley, Daniel and Nychka, Douglas and Naveau, Philippe},
  journal={Journal of the American Statistical Association},
  volume={102},
  number={479},
  pages={824--840},
  year={2007},
  publisher={Taylor \& Francis}
}

%%%%%%%%%%%%%%%%%%%%%%%%%%%%          %%%%%%%%%%%%%%%%%%%%%%%%%%%%%%%%%
%%%%%%%%%%%%%%%%%%%%%%%%%%%%     D    %%%%%%%%%%%%%%%%%%%%%%%%%%%%%%%%%
%%%%%%%%%%%%%%%%%%%%%%%%%%%%          %%%%%%%%%%%%%%%%%%%%%%%%%%%%%%%%%
@incollection{davison1984modelling,
  title={Modelling excesses over high thresholds, with an application},
  author={Davison, Anthony C},
  booktitle={Statistical extremes and applications},
  pages={461--482},
  year={1984},
  publisher={Springer}
}

@article{davison1990models,
  title={Models for exceedances over high thresholds},
  author={Davison, Anthony C and Smith, Richard L},
  journal={Journal of the Royal Statistical Society. Series B (Methodological)},
  pages={393--442},
  year={1990},
  publisher={JSTOR}
}
@article{davison2012statistical,
  title={Statistical modeling of spatial extremes},
  author={Davison, Anthony C and Padoan, Simone A and Ribatet, Mathieu and others},
  journal={Statistical science},
  volume={27},
  number={2},
  pages={161--186},
  year={2012},
  publisher={Institute of Mathematical Statistics}
}

@book{de2007extreme,
  title={Extreme value theory: an introduction},
  author={De Haan, Laurens and Ferreira, Ana},
  year={2007},
  publisher={Springer Science \& Business Media}
}
@article{denys2016universality,
  title={Universality of market superstatistics},
  author={Denys, Mateusz and Gubiec, Tomasz and Kutner, Ryszard and Jagielski, Maciej and Stanley, H Eugene},
  journal={Physical Review E},
  volume={94},
  number={4},
  pages={042305},
  year={2016},
  publisher={APS}
}

@article{dubey1968compound,
  title={A compound Weibull distribution},
  author={Dubey, Satya D},
  journal={Naval Research Logistics Quarterly},
  volume={15},
  number={2},
  pages={179--188},
  year={1968},
  publisher={Wiley Online Library}
}
@article{dupuis1999exceedances,
  title={Exceedances over high thresholds: A guide to threshold selection},
  author={Dupuis, Debbie J},
  journal={Extremes},
  volume={1},
  number={3},
  pages={251--261},
  year={1999},
  publisher={Springer}
}

%%%%%%%%%%%%%%%%%%%%%%%%%%%%          %%%%%%%%%%%%%%%%%%%%%%%%%%%%%%%%%
%%%%%%%%%%%%%%%%%%%%%%%%%%%%     E    %%%%%%%%%%%%%%%%%%%%%%%%%%%%%%%%%
%%%%%%%%%%%%%%%%%%%%%%%%%%%%          %%%%%%%%%%%%%%%%%%%%%%%%%%%%%%%%%

@inproceedings{elliott1993unique,
  title={A unique data capability for natural resources studies},
  author={Elliott, RL and Schiebe, FR and Crawford, KC and Peter, KD and Puckett, WE},
  booktitle={International Winter Meeting of the American Society of Agricultural Engineers, Chicago, IL},
  pages={14--17},
  year={1993}
}
@book{embrechts2013modelling,
  title={Modelling extremal events: for insurance and finance},
  author={Embrechts, Paul and Kl{\"u}ppelberg, Claudia and Mikosch, Thomas},
  volume={33},
  year={2013},
  publisher={Springer Science \& Business Media}
}
@article{eastoe2010statistical,
  title={Statistical models for overdispersion in the frequency of peaks over threshold data for a flow series},
  author={Eastoe, Emma F and Tawn, Jonathan A},
  journal={Water resources research},
  volume={46},
  number={2},
  year={2010},
  publisher={Wiley Online Library}
}
%%%%%%%%%%%%%%%%%%%%%%%%%%%%          %%%%%%%%%%%%%%%%%%%%%%%%%%%%%%%%%
%%%%%%%%%%%%%%%%%%%%%%%%%%%%     F    %%%%%%%%%%%%%%%%%%%%%%%%%%%%%%%%%
%%%%%%%%%%%%%%%%%%%%%%%%%%%%          %%%%%%%%%%%%%%%%%%%%%%%%%%%%%%%%%

@article{fawcett2006markov,
  title={Markov chain models for extreme wind speeds},
  author={Fawcett, Lee and Walshaw, David},
  journal={Environmetrics: The official journal of the International Environmetrics Society},
  volume={17},
  number={8},
  pages={795--809},
  year={2006},
  publisher={Wiley Online Library}
}

@article{fawcett2006hierarchical,
  title={A hierarchical model for extreme wind speeds},
  author={Fawcett, Lee and Walshaw, David},
  journal={Journal of the Royal Statistical Society: Series C (Applied Statistics)},
  volume={55},
  number={5},
  pages={631--646},
  year={2006},
  publisher={Wiley Online Library}
}
@article{fawcett2007improved,
  title={Improved estimation for temporally clustered extremes},
  author={Fawcett, Lee and Walshaw, David},
  journal={Environmetrics: The official journal of the International Environmetrics Society},
  volume={18},
  number={2},
  pages={173--188},
  year={2007},
  publisher={Wiley Online Library}
}

@inproceedings{fisher1928limiting,
  title={Limiting forms of the frequency distribution of the largest or smallest member of a sample},
  author={Fisher, Ronald Aylmer and Tippett, Leonard Henry Caleb},
  booktitle={Mathematical Proceedings of the Cambridge Philosophical Society},
  volume={24},
  number={2},
  pages={180--190},
  year={1928},
  organization={Cambridge University Press}
}
@article{frisch1997extreme,
  title={Extreme deviations and applications},
  author={Frisch, Uriel and Sornette, Didier},
  journal={Journal de Physique I},
  volume={7},
  number={9},
  pages={1155--1171},
  year={1997},
  publisher={EDP Sciences}
}
@article{frigessi2002dynamic,
  title={A dynamic mixture model for unsupervised tail estimation without threshold selection},
  author={Frigessi, Arnoldo and Haug, Ola and Rue, H{\aa}vard},
  journal={Extremes},
  volume={5},
  number={3},
  pages={219--235},
  year={2002},
  publisher={Springer}
}

%%%%%%%%%%%%%%%%%%%%%%%%%%%%          %%%%%%%%%%%%%%%%%%%%%%%%%%%%%%%%%
%%%%%%%%%%%%%%%%%%%%%%%%%%%%     G    %%%%%%%%%%%%%%%%%%%%%%%%%%%%%%%%%
%%%%%%%%%%%%%%%%%%%%%%%%%%%%          %%%%%%%%%%%%%%%%%%%%%%%%%%%%%%%%%

@article{gilleland2016extremes,
  title={extRemes 2.0: An extreme value analysis package in R},
  author={Gilleland, Eric and Katz, Richard W and others},
  journal={Journal of Statistical Software},
  volume={72},
  number={8},
  pages={1--39},
  year={2016},
  publisher={Foundation for Open Access Statistics}
}
@article{gnedenko1943distribution,
  title={Sur la distribution limite du terme maximum d'une serie aleatoire},
  author={Gnedenko, Boris},
  journal={Annals of mathematics},
  pages={423--453},
  year={1943},
  publisher={JSTOR}
}
@techreport{gelfand1992model,
  title={Model determination using predictive distributions with implementation via sampling-based methods},
  author={Gelfand, Alan E and Dey, Dipak K and Chang, Hong},
  year={1992},
  institution={STANFORD UNIV CA DEPT OF STATISTICS}
}
@article{gelfand1994bayesian,
  title={Bayesian model choice: asymptotics and exact calculations},
  author={Gelfand, Alan E and Dey, Dipak K},
  journal={Journal of the Royal Statistical Society. Series B (Methodological)},
  pages={501--514},
  year={1994},
  publisher={JSTOR}
}
@book{gelman2013bayesian,
  title={Bayesian data analysis},
  author={Gelman, Andrew and Carlin, John B and Stern, Hal S and Dunson, David B and Vehtari, Aki and Rubin, Donald B},
  year={2013},
  publisher={Chapman and Hall/CRC}
}

@article{gilleland2016extremes,
  title={extRemes 2.0: an extreme value analysis package in R},
  author={Gilleland, Eric and Katz, Richard W and others},
  journal={Journal of Statistical Software},
  volume={72},
  number={8},
  pages={1--39},
  year={2016},
  publisher={Foundation for Open Access Statistics}
}
@article{gumbel1961bivariate,
  title={Bivariate logistic distributions},
  author={Gumbel, Emil J},
  journal={Journal of the American Statistical Association},
  volume={56},
  number={294},
  pages={335--349},
  year={1961},
  publisher={Taylor \& Francis Group}
}
%%%%%%%%%%%%%%%%%%%%%%%%%%%%          %%%%%%%%%%%%%%%%%%%%%%%%%%%%%%%%%
%%%%%%%%%%%%%%%%%%%%%%%%%%%%     H    %%%%%%%%%%%%%%%%%%%%%%%%%%%%%%%%%
%%%%%%%%%%%%%%%%%%%%%%%%%%%%          %%%%%%%%%%%%%%%%%%%%%%%%%%%%%%%%%

@article{hosking1990moments,
  title={L-moments: Analysis and estimation of distributions using linear combinations of order statistics},
  author={Hosking, Jonathan RM},
  journal={Journal of the Royal Statistical Society: Series B (Methodological)},
  volume={52},
  number={1},
  pages={105--124},
  year={1990},
  publisher={Wiley Online Library}
}
@article{hosking1987parameter,
  title={Parameter and quantile estimation for the generalized Pareto distribution},
  author={Hosking, Jonathan RM and Wallis, James R},
  journal={Technometrics},
  volume={29},
  number={3},
  pages={339--349},
  year={1987},
  publisher={Taylor \& Francis}
}
@article{hosseini2020extreme,
  title={Extreme Atlantic hurricane probability of occurrence through the Metastatistical Extreme Value Distribution},
  author={Hosseini, SR and Scaioni, M and Marani, M},
  journal={Geophysical Research Letters},
  year={2020},
  publisher={Wiley Online Library}
}

@article{huang2019estimating,
  title={Estimating precipitation extremes using the log-histospline},
  author={Huang, Whitney K and Nychka, Douglas W and Zhang, Hao},
  journal={Environmetrics},
  volume={30},
  number={4},
  pages={e2543},
  year={2019},
  publisher={Wiley Online Library}
}



%%%%%%%%%%%%%%%%%%%%%%%%%%%%          %%%%%%%%%%%%%%%%%%%%%%%%%%%%%%%%%
%%%%%%%%%%%%%%%%%%%%%%%%%%%%     I    %%%%%%%%%%%%%%%%%%%%%%%%%%%%%%%%%
%%%%%%%%%%%%%%%%%%%%%%%%%%%%          %%%%%%%%%%%%%%%%%%%%%%%%%%%%%%%%%




%%%%%%%%%%%%%%%%%%%%%%%%%%%%          %%%%%%%%%%%%%%%%%%%%%%%%%%%%%%%%%
%%%%%%%%%%%%%%%%%%%%%%%%%%%%     J    %%%%%%%%%%%%%%%%%%%%%%%%%%%%%%%%%
%%%%%%%%%%%%%%%%%%%%%%%%%%%%          %%%%%%%%%%%%%%%%%%%%%%%%%%%%%%%%%

@article{joseph2018understanding,
  title={Understanding and predicting extreme wildfires in the contiguous United States},
  author={Joseph, Maxwell B and Rossi, Matthew W and Mietkiewicz, Nathan P and Mahood, Adam L and Cattau, Megan E and Denis, Lise Ann St and Nagy, R Chelsea and Iglesias, Virginia and Abatzoglou, John T and Balch, Jennifer K},
  journal={BioRxiv},
  pages={384115},
  year={2018},
  publisher={Cold Spring Harbor Laboratory}
}
@article{joseph2019spatiotemporal,
  title={Spatiotemporal prediction of wildfire size extremes with Bayesian finite sample maxima},
  author={Joseph, Maxwell B and Rossi, Matthew W and Mietkiewicz, Nathan P and Mahood, Adam L and Cattau, Megan E and St. Denis, Lise Ann and Nagy, R Chelsea and Iglesias, Virginia and Abatzoglou, John T and Balch, Jennifer K},
  journal={Ecological Applications},
  pages={e01898},
  year={2019},
  publisher={Wiley Online Library}
}

%%%%%%%%%%%%%%%%%%%%%%%%%%%%          %%%%%%%%%%%%%%%%%%%%%%%%%%%%%%%%%
%%%%%%%%%%%%%%%%%%%%%%%%%%%%     K    %%%%%%%%%%%%%%%%%%%%%%%%%%%%%%%%%
%%%%%%%%%%%%%%%%%%%%%%%%%%%%          %%%%%%%%%%%%%%%%%%%%%%%%%%%%%%%%%

@article{katz1999mixture,
  title={Mixture model for overdispersion of precipitation},
  author={Katz, Richard W and Zheng, Xiaogu},
  journal={Journal of Climate},
  volume={12},
  number={8},
  pages={2528--2537},
  year={1999}
}
@article{koutsoyiannis2004statistics,
  title={Statistics of extremes and estimation of extreme rainfall: I. Theoretical investigation/Statistiques de valeurs extr{\^e}mes et estimation de pr{\'e}cipitations extr{\^e}mes: I. Recherche th{\'e}orique},
  author={Koutsoyiannis, Demetris},
  journal={Hydrological sciences journal},
  volume={49},
  number={4},
  year={2004},
  publisher={Taylor \& Francis}
}

%%%%%%%%%%%%%%%%%%%%%%%%%%%%          %%%%%%%%%%%%%%%%%%%%%%%%%%%%%%%%%
%%%%%%%%%%%%%%%%%%%%%%%%%%%%     L    %%%%%%%%%%%%%%%%%%%%%%%%%%%%%%%%%
%%%%%%%%%%%%%%%%%%%%%%%%%%%%          %%%%%%%%%%%%%%%%%%%%%%%%%%%%%%%%%

@article{li2013southeastern,
  title={Southeastern United States summer rainfall framework and its implication for seasonal prediction},
  author={Li, Laifang and Li, Wenhong},
  journal={Environmental Research Letters},
  volume={8},
  number={4},
  pages={044017},
  year={2013},
  publisher={IOP Publishing}
}
@article{laherrere1998stretched,
  title={Stretched exponential distributions in nature and economy:âfat tailsâ with characteristic scales},
  author={Laherrere, Jean and Sornette, Didier},
  journal={The European Physical Journal B-Condensed Matter and Complex Systems},
  volume={2},
  number={4},
  pages={525--539},
  year={1998},
  publisher={Springer}
}
@article{landwehr1979probability,
  title={Probability weighted moments compared with some traditional techniques in estimating Gumbel parameters and quantiles},
  author={Landwehr, J Maciunas and Matalas, NC and Wallis, JR},
  journal={Water Resources Research},
  volume={15},
  number={5},
  pages={1055--1064},
  year={1979},
  publisher={Wiley Online Library}
}
@article{leadbetter1983extremes,
  title={Extremes and local dependence in stationary sequences},
  author={Leadbetter, M Ross},
  journal={Probability Theory and Related Fields},
  volume={65},
  number={2},
  pages={291--306},
  year={1983},
  publisher={Springer}
}
@book{leadbetter2012extremes,
  title={Extremes and related properties of random sequences and processes},
  author={Leadbetter, Malcolm R and Lindgren, Georg and Rootz{\'e}n, Holger},
  year={2012},
  publisher={Springer Science \& Business Media}
}

@article{lombardo2019exact,
  title={On the exact distribution of correlated extremes in hydrology},
  author={Lombardo, F and Napolitano, F and Russo, F and Koutsoyiannis, D},
  journal={Water Resources Research},
  year={2019},
  publisher={Wiley Online Library}
}


%%%%%%%%%%%%%%%%%%%%%%%%%%%%          %%%%%%%%%%%%%%%%%%%%%%%%%%%%%%%%%
%%%%%%%%%%%%%%%%%%%%%%%%%%%%     M    %%%%%%%%%%%%%%%%%%%%%%%%%%%%%%%%%
%%%%%%%%%%%%%%%%%%%%%%%%%%%%          %%%%%%%%%%%%%%%%%%%%%%%%%%%%%%%%%

@article{mark2018bayesian,
  title={Bayesian model selection for complex dynamic systems},
  author={Mark, Christoph and Metzner, Claus and Lautscham, Lena and Strissel, Pamela L and Strick, Reiner and Fabry, Ben},
  journal={Nature communications},
  volume={9},
  number={1},
  pages={1803},
  year={2018},
  publisher={Nature Publishing Group}
}

@article{marani2015metastatistical,
  title={A metastatistical approach to rainfall extremes},
  author={Marani, Marco and Ignaccolo, Massimiliano},
  journal={Advances in Water Resources},
  volume={79},
  pages={121--126},
  year={2015},
  publisher={Elsevier}
}
@article{marra2018metastatistical,
  title={Metastatistical Extreme Value analysis of hourly rainfall from short records: Estimation of high quantiles and impact of measurement errors},
  author={Marra, Francesco and Nikolopoulos, Efthymios I and Anagnostou, Emmanouil N and Morin, Efrat},
  journal={Advances in Water Resources},
  volume={117},
  pages={27--39},
  year={2018},
  publisher={Elsevier}
}
@article{martinez2019precipitation,
  title={Why do precipitation intensities tend to follow Gamma distributions?},
  author={Martinez-Villalobos, Cristian and Neelin, J David},
  journal={Journal of the Atmospheric Sciences},
  number={2019},
  year={2019}
}
@article{martins2000generalized,
  title={Generalized maximum-likelihood generalized extreme-value quantile estimators for hydrologic data},
  author={Martins, Eduardo S and Stedinger, Jery R},
  journal={Water Resources Research},
  volume={36},
  number={3},
  pages={737--744},
  year={2000},
  publisher={Wiley Online Library}
}
@article{marra2019simplified,
  title={A simplified MEV formulation to model extremes emerging from multiple nonstationary underlying processes},
  author={Marra, Francesco and Zoccatelli, Davide and Armon, Moshe and Morin, Efrat},
  journal={Advances in water resources},
  volume={127},
  pages={280--290},
  year={2019},
  publisher={Elsevier}
}

@article{menne2012overview,
  title={An overview of the global historical climatology network-daily database},
  author={Menne, Matthew J and Durre, Imke and Vose, Russell S and Gleason, Byron E and Houston, Tamara G},
  journal={Journal of Atmospheric and Oceanic Technology},
  volume={29},
  number={7},
  pages={897--910},
  year={2012}
}
@article{menne2012global,
  title={Global historical climatology network-daily (GHCN-Daily), Version 3},
  author={Menne, Matthew J and Durre, Imke and Korzeniewski, Bryant and McNeal, Shelley and Thomas, Kristy and Yin, Xungang and Anthony, Steven and Ray, Ron and Vose, Russell S and Gleason, Byron E and others},
  journal={NOAA National Climatic Data Center},
  volume={10},
  url={http://doi.org/10.7289/V5D21VHZ },
  urldate={2019-10-25},
  year={2012}
}
@article{miniussi2020metastatistical,
  title={Metastatistical Extreme Value Distribution applied to floods across the continental United States},
  author={Miniussi, Arianna and Marani, Marco and Villarini, Gabriele},
  journal={Advances in Water Resources},
  volume={136},
  pages={103498},
  year={2020},
  publisher={Elsevier}
}
@article{miniussianalyses,
  title={Analyses through the Metastatistical Extreme Value distribution identify contributions of Tropical Cyclones to rainfall extremes in the Eastern US},
  author={Miniussi, Arianna and Villarini, Gabriele and Marani, Marco},
   year={2020},
  journal={Geophysical Research Letters},
  publisher={Wiley Online Library}
}


%%%%%%%%%%%%%%%%%%%%%%%%%%%%          %%%%%%%%%%%%%%%%%%%%%%%%%%%%%%%%%
%%%%%%%%%%%%%%%%%%%%%%%%%%%%     N    %%%%%%%%%%%%%%%%%%%%%%%%%%%%%%%%%
%%%%%%%%%%%%%%%%%%%%%%%%%%%%          %%%%%%%%%%%%%%%%%%%%%%%%%%%%%%%%%

@article{naveau2016modeling,
  title={Modeling jointly low, moderate, and heavy rainfall intensities without a threshold selection},
  author={Naveau, Philippe and Huser, Raphael and Ribereau, Pierre and Hannart, Alexis},
  journal={Water Resources Research},
  volume={52},
  number={4},
  pages={2753--2769},
  year={2016},
  publisher={Wiley Online Library}
}

@article{neelin2017global,
  title={Global warming precipitation accumulation increases above the current-climate cutoff scale},
  author={Neelin, J David and Sahany, Sandeep and Stechmann, Samuel N and Bernstein, Diana N},
  journal={Proceedings of the National Academy of Sciences},
  volume={114},
  number={6},
  pages={1258--1263},
  year={2017},
  publisher={National Acad Sciences}
}


%%%%%%%%%%%%%%%%%%%%%%%%%%%%          %%%%%%%%%%%%%%%%%%%%%%%%%%%%%%%%%
%%%%%%%%%%%%%%%%%%%%%%%%%%%%     O    %%%%%%%%%%%%%%%%%%%%%%%%%%%%%%%%%
%%%%%%%%%%%%%%%%%%%%%%%%%%%%          %%%%%%%%%%%%%%%%%%%%%%%%%%%%%%%%%

@article{o1987extreme,
  title={Extreme values for stationary and Markov sequences},
  author={O'Brien, George L and others},
  journal={The Annals of Probability},
  volume={15},
  number={1},
  pages={281--291},
  year={1987},
  publisher={Institute of Mathematical Statistics}
}


%%%%%%%%%%%%%%%%%%%%%%%%%%%%          %%%%%%%%%%%%%%%%%%%%%%%%%%%%%%%%%
%%%%%%%%%%%%%%%%%%%%%%%%%%%%     P    %%%%%%%%%%%%%%%%%%%%%%%%%%%%%%%%%
%%%%%%%%%%%%%%%%%%%%%%%%%%%%          %%%%%%%%%%%%%%%%%%%%%%%%%%%%%%%%%

@article{papalexiou2018diagnostic,
  title={A diagnostic framework for understanding climatology of tails of hourly precipitation extremes in the United States},
  author={Papalexiou, Simon Michael and AghaKouchak, Amir and Foufoula-Georgiou, Efi},
  journal={Water Resources Research},
  volume={54},
  number={9},
  pages={6725--6738},
  year={2018},
  publisher={Wiley Online Library}
}
@article{papalexiou2013battle,
  title={Battle of extreme value distributions: A global survey on extreme daily rainfall},
  author={Papalexiou, Simon Michael and Koutsoyiannis, Demetris},
  journal={Water Resources Research},
  volume={49},
  number={1},
  pages={187--201},
  year={2013},
  publisher={Wiley Online Library}
}
@article{papastathopoulos2013extended,
  title={Extended generalised Pareto models for tail estimation},
  author={Papastathopoulos, Ioannis and Tawn, Jonathan A},
  journal={Journal of Statistical Planning and Inference},
  volume={143},
  number={1},
  pages={131--143},
  year={2013},
  publisher={Elsevier}
}

@article{pickands1975statistical,
  title={Statistical inference using extreme order statistics},
  author={Pickands III, James and others},
  journal={the Annals of Statistics},
  volume={3},
  number={1},
  pages={119--131},
  year={1975},
  publisher={Institute of Mathematical Statistics}
}
@article{palutikof1999review,
  title={A review of methods to calculate extreme wind speeds},
  author={Palutikof, JP and Brabson, BB and Lister, DH and Adcock, ST},
  journal={Meteorological applications},
  volume={6},
  number={2},
  pages={119--132},
  year={1999},
  publisher={Cambridge University Press}
}
@article{papalexiou2013extreme,
  title={How extreme is extreme? An assessment of daily rainfall distribution tails},
  author={Papalexiou, SM and Koutsoyiannis, D and Makropoulos, C},
  journal={Hydrology and Earth System Sciences},
  volume={17},
  number={2},
  pages={851--862},
  year={2013},
  publisher={Copernicus GmbH}
}
@article{porporato2006superstatistics,
  title={Superstatistics of hydro-climatic fluctuations and interannual ecosystem productivity},
  author={Porporato, Amilcare and Vico, Giulia and Fay, Philip A},
  journal={Geophysical Research Letters},
  volume={33},
  number={15},
  year={2006},
  publisher={Wiley Online Library}
}



%%%%%%%%%%%%%%%%%%%%%%%%%%%%          %%%%%%%%%%%%%%%%%%%%%%%%%%%%%%%%%
%%%%%%%%%%%%%%%%%%%%%%%%%%%%     Q    %%%%%%%%%%%%%%%%%%%%%%%%%%%%%%%%%
%%%%%%%%%%%%%%%%%%%%%%%%%%%%          %%%%%%%%%%%%%%%%%%%%%%%%%%%%%%%%%


%%%%%%%%%%%%%%%%%%%%%%%%%%%%          %%%%%%%%%%%%%%%%%%%%%%%%%%%%%%%%%
%%%%%%%%%%%%%%%%%%%%%%%%%%%%     R    %%%%%%%%%%%%%%%%%%%%%%%%%%%%%%%%%
%%%%%%%%%%%%%%%%%%%%%%%%%%%%          %%%%%%%%%%%%%%%%%%%%%%%%%%%%%%%%%

@article{rodriguez1987some,
  title={Some models for rainfall based on stochastic point processes},
  author={Rodriguez-Iturbe, Ignacio and Cox, David Roxbee and Isham, Valerie},
  journal={Proceedings of the Royal Society of London. A. Mathematical and Physical Sciences},
  volume={410},
  number={1839},
  pages={269--288},
  year={1987},
  publisher={The Royal Society London}
}


%%%%%%%%%%%%%%%%%%%%%%%%%%%%          %%%%%%%%%%%%%%%%%%%%%%%%%%%%%%%%%
%%%%%%%%%%%%%%%%%%%%%%%%%%%%     S    %%%%%%%%%%%%%%%%%%%%%%%%%%%%%%%%%
%%%%%%%%%%%%%%%%%%%%%%%%%%%%          %%%%%%%%%%%%%%%%%%%%%%%%%%%%%%%%%

@article{serinaldi2014rainfall,
  title={Rainfall extremes: Toward reconciliation after the battle of distributions},
  author={Serinaldi, Francesco and Kilsby, Chris G},
  journal={Water resources research},
  volume={50},
  number={1},
  pages={336--352},
  year={2014},
  publisher={Wiley Online Library}
}


@book{sornette2006critical,
  title={Critical phenomena in natural sciences: chaos, fractals, selforganization and disorder: concepts and tools},
  author={Sornette, Didier},
  year={2006},
  publisher={Springer Science \& Business Media}
}
@incollection{smith1984threshold,
  title={Threshold methods for sample extremes},
  author={Smith, Richard L},
  booktitle={Statistical extremes and applications},
  pages={621--638},
  year={1984},
  publisher={Springer}
}

@article{smith1989extreme,
  title={Extreme value analysis of environmental time series: an application to trend detection in ground-level ozone},
  author={Smith, Richard L and others},
  journal={Statistical Science},
  volume={4},
  number={4},
  pages={367--377},
  year={1989},
  publisher={Institute of Mathematical Statistics}
}
@article{smith1992extremal,
  title={The extremal index for a Markov chain},
  author={Smith, Richard L},
  journal={Journal of applied probability},
  volume={29},
  number={1},
  pages={37--45},
  year={1992},
  publisher={Cambridge University Press}
}

@article{stechmann2014first,
  title={First-passage-time prototypes for precipitation statistics},
  author={Stechmann, Samuel N and Neelin, J David},
  journal={Journal of the Atmospheric Sciences},
  volume={71},
  number={9},
  pages={3269--3291},
  year={2014}
}
@article{stephenson2004bayesian,
  title={Bayesian inference for extremes: accounting for the three extremal types},
  author={Stephenson, Alec and Tawn, Jonathan},
  journal={Extremes},
  volume={7},
  number={4},
  pages={291--307},
  year={2004},
  publisher={Springer}
}

@article{sattin2006bayesian,
	title={Bayesian approach to superstatistics},
	author={Sattin, Fabio},
	journal={The European Physical Journal B-Condensed Matter and Complex Systems},
	volume={49},
	number={2},
	pages={219--224},
	year={2006},
	publisher={Springer}
}


%%%%%%%%%%%%%%%%%%%%%%%%%%%%          %%%%%%%%%%%%%%%%%%%%%%%%%%%%%%%%%
%%%%%%%%%%%%%%%%%%%%%%%%%%%%     T    %%%%%%%%%%%%%%%%%%%%%%%%%%%%%%%%%
%%%%%%%%%%%%%%%%%%%%%%%%%%%%          %%%%%%%%%%%%%%%%%%%%%%%%%%%%%%%%%

@article{tamazian2016universal,
  title={Universal model for collective access patterns in the Internet traffic dynamics: A superstatistical approach},
  author={Tamazian, A and Nguyen, VD and Markelov, OA and Bogachev, MI},
  journal={EPL (Europhysics Letters)},
  volume={115},
  number={1},
  pages={10008},
  year={2016},
  publisher={IOP Publishing}
}
@article{tancredi2006accounting,
  title={Accounting for threshold uncertainty in extreme value estimation},
  author={Tancredi, Andrea and Anderson, Clive and OâHagan, Anthony},
  journal={Extremes},
  volume={9},
  number={2},
  pages={87},
  year={2006},
  publisher={Springer}
}

@article{tawn1988bivariate,
  title={Bivariate extreme value theory: models and estimation},
  author={Tawn, Jonathan A},
  journal={Biometrika},
  volume={75},
  number={3},
  pages={397--415},
  year={1988},
  publisher={Oxford University Press}
}
@article{thompson2008plant,
  title={Plant propagation fronts and wind dispersal: an analytical model to upscale from seconds to decades using superstatistics},
  author={Thompson, Sally and Katul, Gabriel},
  journal={The American Naturalist},
  volume={171},
  number={4},
  pages={468--479},
  year={2008},
  publisher={The University of Chicago Press}
}


%%%%%%%%%%%%%%%%%%%%%%%%%%%%          %%%%%%%%%%%%%%%%%%%%%%%%%%%%%%%%%
%%%%%%%%%%%%%%%%%%%%%%%%%%%%     U    %%%%%%%%%%%%%%%%%%%%%%%%%%%%%%%%%
%%%%%%%%%%%%%%%%%%%%%%%%%%%%          %%%%%%%%%%%%%%%%%%%%%%%%%%%%%%%%%



%%%%%%%%%%%%%%%%%%%%%%%%%%%%          %%%%%%%%%%%%%%%%%%%%%%%%%%%%%%%%%
%%%%%%%%%%%%%%%%%%%%%%%%%%%%     V    %%%%%%%%%%%%%%%%%%%%%%%%%%%%%%%%%
%%%%%%%%%%%%%%%%%%%%%%%%%%%%          %%%%%%%%%%%%%%%%%%%%%%%%%%%%%%%%%

@book{vanmarcke2010random,
  title={Random fields: analysis and synthesis},
  author={Vanmarcke, Erik},
  year={2010},
  publisher={World Scientific Publishing Co Inc}
}
@article{vehtari2017practical,
  title={Practical Bayesian model evaluation using leave-one-out cross-validation and WAIC},
  author={Vehtari, Aki and Gelman, Andrew and Gabry, Jonah},
  journal={Statistics and computing},
  volume={27},
  number={5},
  pages={1413--1432},
  year={2017},
  publisher={Springer}
}

@article{von1936distribution,
  title={La distribution de la plus grande de n valeurs},
  author={Von Mises, Richard},
  journal={Rev. math. Union interbalcanique},
  volume={1},
  number={1},
  year={1936}
}

%%%%%%%%%%%%%%%%%%%%%%%%%%%%          %%%%%%%%%%%%%%%%%%%%%%%%%%%%%%%%%
%%%%%%%%%%%%%%%%%%%%%%%%%%%%     W    %%%%%%%%%%%%%%%%%%%%%%%%%%%%%%%%%
%%%%%%%%%%%%%%%%%%%%%%%%%%%%          %%%%%%%%%%%%%%%%%%%%%%%%%%%%%%%%%

@article{wilson2005fundamental,
  title={A fundamental probability distribution for heavy rainfall},
  author={Wilson, PS and Toumi, R},
  journal={Geophysical Research Letters},
  volume={32},
  number={14},
  year={2005},
  publisher={Wiley Online Library}
}
@article{wadsworth2012likelihood,
  title={Likelihood-based procedures for threshold diagnostics and uncertainty in extreme value modelling},
  author={Wadsworth, JL and Tawn, JA},
  journal={Journal of the Royal Statistical Society: Series B (Statistical Methodology)},
  volume={74},
  number={3},
  pages={543--567},
  year={2012},
  publisher={Wiley Online Library}
}

%%%%%%%%%%%%%%%%%%%%%%%%%%%%          %%%%%%%%%%%%%%%%%%%%%%%%%%%%%%%%%
%%%%%%%%%%%%%%%%%%%%%%%%%%%%     X    %%%%%%%%%%%%%%%%%%%%%%%%%%%%%%%%%
%%%%%%%%%%%%%%%%%%%%%%%%%%%%          %%%%%%%%%%%%%%%%%%%%%%%%%%%%%%%%%


%%%%%%%%%%%%%%%%%%%%%%%%%%%%          %%%%%%%%%%%%%%%%%%%%%%%%%%%%%%%%%
%%%%%%%%%%%%%%%%%%%%%%%%%%%%     Y    %%%%%%%%%%%%%%%%%%%%%%%%%%%%%%%%%
%%%%%%%%%%%%%%%%%%%%%%%%%%%%          %%%%%%%%%%%%%%%%%%%%%%%%%%%%%%%%%

@article{yalcin2016extreme,
  title={Extreme event statistics of daily rainfall: dynamical systems approach},
  author={Yalcin, G Cigdem and Rabassa, Pau and Beck, Christian},
  journal={Journal of Physics A: Mathematical and Theoretical},
  volume={49},
  number={15},
  pages={154001},
  year={2016},
  publisher={IOP Publishing}
}


%%%%%%%%%%%%%%%%%%%%%%%%%%%%          %%%%%%%%%%%%%%%%%%%%%%%%%%%%%%%%%
%%%%%%%%%%%%%%%%%%%%%%%%%%%%     Z    %%%%%%%%%%%%%%%%%%%%%%%%%%%%%%%%%
%%%%%%%%%%%%%%%%%%%%%%%%%%%%          %%%%%%%%%%%%%%%%%%%%%%%%%%%%%%%%%


@article{zorzetto2016emergence,
  title={On the emergence of rainfall extremes from ordinary events},
  author={Zorzetto, Enrico and Botter, Gianluca and Marani, Marco},
  journal={Geophysical Research Letters},
  volume={43},
  number={15},
  pages={8076--8082},
  year={2016},
  publisher={Wiley Online Library}
}
@article{zorzetto2018extremes,
  title={Extremes, intermittency, and time directionality of atmospheric turbulence at the crossover from production to inertial scales},
  author={Zorzetto, E and Bragg, AD and Katul, G},
  journal={Physical Review Fluids},
  volume={3},
  number={9},
  pages={094604},
  year={2018},
  publisher={APS}
}
@article{zorzetto2019downscaling,
  title={Downscaling of rainfall extremes from satellite observations},
  author={Zorzetto, Enrico and Marani, Marco},
  journal={Water Resources Research},
  volume={55},
  number={1},
  pages={156--174},
  year={2019},
  publisher={Wiley Online Library}
}
@article{zorzetto2020extreme,
  title={Extreme value metastatistical analysis of remotely sensed rainfall in ungauged areas: Spatial downscaling and error modelling},
  author={Zorzetto, Enrico and Marani, Marco},
  journal={Advances in Water Resources},
  volume={135},
  pages={103483},
  year={2020},
  publisher={Elsevier}
}


%%%%%%%%%%%%%%%%%%%%%%%%%                   %%%%%%%%%%%%%%%%%%%%%%%%%%%%
%%%%%%%%%%%%%%%%%%%%%%%%%      The end      %%%%%%%%%%%%%%%%%%%%%%%%%%%%
%%%%%%%%%%%%%%%%%%%%%%%%%                   %%%%%%%%%%%%%%%%%%%%%%%%%%%%
















































